@article{ipasir,
  author       = {Tom{\'{a}}s Balyo and
                  Armin Biere and
                  Markus Iser and
                  Carsten Sinz},
  title        = {{SAT} Race 2015},
  journal      = {Artif. Intell.},
  volume       = {241},
  pages        = {45--65},
  year         = {2016},
  url          = {https://doi.org/10.1016/j.artint.2016.08.007},
  Ddoi          = {10.1016/J.ARTINT.2016.08.007}
}